@BOOK{abrahametal1983_r1988,
  AUTHOR = {Abraham, Ralph and Marsden, Jerrold E. and Ratiu, Tudor},
  LOCATION = {New York},
  PUBLISHER = {Springer},
  DATE = {1988},
  EDITION = {2},
  NOTE = {First publ.\ 1983},
  ORIGDATE = {1983},
  TITLE = {Manifolds, Tensor Analysis, and Applications},
}

@BOOK{adleretal1965_r1975,
  AUTHOR = {Adler, Ronald and Bazin, Maurice and Schiffer, Menahem},
  LOCATION = {Tokyo},
  PUBLISHER = {McGraw-Hill},
  DATE = {1975},
  EDITION = {2},
  NOTE = {First publ.\ 1965},
  ORIGDATE = {1965},
  TITLE = {Introduction to General Relativity},
}

@BOOK{bipm1983,
  AUTHOR = {{\textsc{bipm} (\langnohyph{Bureau international des poids et mesures})}},
  SHORTAUTHOR = {\textsc{bipm}},
  LOCATION = {S{è}vres},
  PUBLISHER = {\textsc{bipm}},
  DATE = {1983},
  NOTE = {\url{https://www.bipm.org/en/worldwide-metrology/cgpm/resolutions.html\#comptes-rendus}},
  TITLE = {\langnohyph{17\textsuperscript{e} conf{é}rence g{é}n{é}rale des poids et mesures} (\textsc{cgpm})},
}

@BOOK{boothby1975_r2003,
  AUTHOR = {Boothby, William Munger},
  LOCATION = {Orlando, USA},
  PUBLISHER = {Academic Press},
  DATE = {2003},
  EDITION = {rev.\ 2nd ed.},
  NOTE = {First publ.\ 1975},
  ORIGDATE = {1975},
  TITLE = {An Introduction to Differentiable Manifolds and Riemannian Geometry},
}

@BOOKLET{bossavit1991,
  AUTHOR = {Bossavit, Alain},
  DATE = {1991},
  HOWPUBLISHED = {\url{https://www.researchgate.net/publication/200018385_Differential_Geometry_for_the_student_of_numerical_methods_in_Electromagnetism}},
  TITLE = {Differential Geometry: for the student of numerical methods in electromagnetism},
}

@BOOK{bressan1978,
  AUTHOR = {Bressan, Aldo},
  LOCATION = {Berlin},
  PUBLISHER = {Springer},
  DATE = {1978},
  TITLE = {Relativistic Theories of Materials},
}

@BOOK{bridgman1927_r1958,
  AUTHOR = {Bridgman, Percy Williams},
  LOCATION = {New York},
  PUBLISHER = {Macmillan},
  DATE = {1958},
  EDITION = {8th pr.},
  NOTE = {First publ.\ 1927},
  ORIGDATE = {1927},
  TITLE = {The Logic of Modern Physics},
}

@BOOK{bridgman1922_r1963,
  AUTHOR = {Bridgman, Percy Williams},
  LOCATION = {New Haven},
  PUBLISHER = {Yale University Press},
  DATE = {1963},
  EDITION = {rev.\ ed.},
  NOTE = {First publ.\ 1922. \url{http://archive.org/details/dimensionalanaly00bridrich}},
  ORIGDATE = {1922},
  TITLE = {Dimensional Analysis},
}

@BOOK{burke1980b,
  AUTHOR = {Burke, William L.},
  LOCATION = {Mill Valley, USA},
  PUBLISHER = {University Science Books},
  DATE = {1980},
  TITLE = {Spacetime, Geometry, Cosmology},
}

@ARTICLE{burke1983,
  AUTHOR = {Burke, William L.},
  DATE = {1983},
  JOURNALTITLE = {J. Math.\ Phys.},
  NUMBER = {1},
  PAGES = {65--69},
  TITLE = {Manifestly parity invariant electromagnetic theory and twisted tensors},
  VOLUME = {24},
}

@BOOK{burke1985_r1987,
  AUTHOR = {Burke, William L.},
  LOCATION = {Cambridge},
  PUBLISHER = {Cambridge University Press},
  DATE = {1987},
  EDITION = {repr.},
  NOTE = {First publ.\ 1985},
  ORIGDATE = {1985},
  TITLE = {Applied Differential Geometry},
}

@MISC{burke1995,
  AUTHOR = {Burke, William L.},
  DATE = {1995},
  NOTE = {\url{http://people.ucsc.edu/~rmont/papers/Burke_DivGradCurl.pdf}; \enquote{preliminary draft II}. See also \url{http://www.ucolick.org/~burke/}},
  TITLE = {{Div, Grad, Curl Are Dead}},
}

@ARTICLE{cadonietal2019,
  AUTHOR = {Cadoni, Mariano and Tuveri, M.},
  DATE = {2019},
  JOURNALTITLE = {Phys.\ Rev.\ D},
  NUMBER = {2},
  PAGES = {024029},
  TITLE = {Galactic dynamics and long-range quantum gravity},
  VOLUME = {100},
}

@BOOK{choquetbruhatetal1977_r1996,
  AUTHOR = {Choquet-Bruhat, Yvonne and DeWitt-Morette, C{é}cile and Dillard-Bleick, Margaret},
  LOCATION = {Amsterdam},
  PUBLISHER = {Elsevier},
  DATE = {1996},
  EDITION = {rev.\ ed.},
  NOTE = {First publ.\ 1977},
  ORIGDATE = {1977},
  TITLE = {Analysis, Manifolds and Physics. Part I: Basics},
}

@BOOK{curtisetal1985,
  AUTHOR = {Curtis, W. D. and Miller, F. R.},
  LOCATION = {Orlando, USA},
  PUBLISHER = {Academic Press},
  DATE = {1985},
  TITLE = {Differential Manifolds and Theoretical Physics},
}

@ARTICLE{deboer1995,
  AUTHOR = {de Boer, J.},
  DATE = {1995},
  JOURNALTITLE = {Metrologia},
  NUMBER = {6},
  PAGES = {405--429},
  TITLE = {On the History of Quantity Calculus and the {International System}},
  VOLUME = {31},
}

@BOOK{derham1955_t1984,
  AUTHOR = {de Rham, Georges},
  LOCATION = {Berlin},
  PUBLISHER = {Springer},
  DATE = {1984},
  NOTE = {Transl.\ by F. R. Smith. First publ.\ in French 1955},
  ORIGDATE = {1955},
  TITLE = {Differentiable Manifolds: Forms, Currents, Harmonic Forms},
}

@ARTICLE{domotor2012,
  AUTHOR = {Domotor, Zoltan},
  DATE = {2012},
  JOURNALTITLE = {Meas.\ Sci.\ Rev.},
  NUMBER = {6},
  PAGES = {213--233},
  TITLE = {Algebraic Frameworks for Measurement in the Natural Sciences},
  VOLUME = {12},
}

@ARTICLE{domotor2017,
  AUTHOR = {Domotor, Zoltan},
  DATE = {2017},
  JOURNALTITLE = {Meas.\ Sci.\ Rev.},
  NUMBER = {4},
  PAGES = {152--177},
  TITLE = {Torsor Theory of Physical Quantities and their Measurement},
  VOLUME = {17},
}

@ARTICLE{domotoretal2016,
  AUTHOR = {Domotor, Zoltan and Batitsky, Vadim},
  DATE = {2016},
  JOURNALTITLE = {Meas.\ Sci.\ Rev.},
  NUMBER = {3},
  PAGES = {103--126},
  TITLE = {An Algebraic Approach to Unital Quantities and their Measurement},
  VOLUME = {16},
}

@ARTICLE{dorgeloetal1946,
  AUTHOR = {Dorgelo, H. B. and Schouten, Jan Arnoldus},
  DATE = {1946},
  JOURNALTITLE = {\langnohyph{Verh.\ Kon.\ Akad.\ Wetensch.\ Amsterdam}},
  NUMBER = {2, 3, 4},
  PAGES = {123--131,282--291,393--403},
  TITLE = {On Unities and Dimensions. {[I, II, III]}},
  VOLUME = {49},
}

@BOOK{dybkaer2004_r2010,
  AUTHOR = {Dybk{æ}r, Ren{é}},
  LOCATION = {Research Triangle Park, USA},
  PUBLISHER = {\textsc{iupac}},
  DATE = {2010},
  EDITION = {2},
  NOTE = {\url{https://ontology.iupac.org/}. First publ.\ 2004},
  ORIGDATE = {2004},
  TITLE = {An Ontology on Property: For Physical, Chemical and Biological Systems},
}

@ARTICLE{eckart1940c,
  AUTHOR = {Eckart, Carl},
  DATE = {1940},
  JOURNALTITLE = {Phys.\ Rev.},
  NUMBER = {10},
  PAGES = {919--924},
  TITLE = {The thermodynamics of irreversible processes. {III}. {Relativistic} theory of the simple fluid},
  VOLUME = {58},
}

@BOOK{fecko2006,
  AUTHOR = {Fecko, Mari{á}n},
  LOCATION = {Cambridge},
  PUBLISHER = {Cambridge University Press},
  DATE = {2006},
  TITLE = {Differential Geometry and Lie Groups for Physicists},
}

@BOOK{fluegge1960,
  EDITOR = {Fl{ü}gge, S.},
  LOCATION = {Berlin},
  PUBLISHER = {Springer},
  DATE = {1960},
  TITLE = {\langnohyph{Handbuch der Physik: Band~III/1: Prinzipien der klassischen Mechanik und Feldtheorie} {[Encyclopedia of Physics: Vol.~III/1: Principles of Classical Mechanics and Field Theory]}},
}

@BOOK{fock1955_t1964,
  AUTHOR = {Fock, {[Fok]}, V. A.},
  SHORTAUTHOR = {Fock},
  LOCATION = {Oxford},
  PUBLISHER = {Pergamon},
  DATE = {1964},
  EDITION = {2nd rev.\ ed.},
  NOTE = {Transl.\ by N. Kemmer. First publ.\ in Russian 1955},
  ORIGDATE = {1955},
  TITLE = {The Theory of Space, Time and Gravitation},
}

@BOOK{fokker1960_t1965,
  AUTHOR = {Fokker, A. D.},
  LOCATION = {Oxford},
  PUBLISHER = {Pergamon},
  DATE = {1965},
  NOTE = {Transl.\ by D. Bijl, translation ed.\ by D. Field. First publ.\ in Dutch 1960},
  ORIGDATE = {1960},
  TITLE = {Time and Space, Weight and Inertia: A chronogeometrical introduction to Einstein's theory},
}

@ARTICLE{frigerioetal2010,
  AUTHOR = {Frigerio, Aldo and Giordani, Alessandro and Mari, Luca},
  DATE = {2010},
  JOURNALTITLE = {Synthese},
  NUMBER = {2},
  PAGES = {123--149},
  TITLE = {Outline of a general model of measurement},
  VOLUME = {175},
}

@ARTICLE{giacomo1984,
  AUTHOR = {Giacomo, P.},
  DATE = {1984},
  JOURNALTITLE = {Metrologia},
  NUMBER = {1},
  PAGES = {25--30},
  TITLE = {News from the {BIPM}},
  VOLUME = {20},
}

@BOOK{gourgoulhon2007_r2012,
  AUTHOR = {Gourgoulhon, {É}ric},
  LOCATION = {Heidelberg},
  PUBLISHER = {Springer},
  DATE = {2012},
  NOTE = {First publ.\ 2007 as \arxiveprint{gr-qc/0703035}},
  ORIGDATE = {2007},
  TITLE = {3+1 Formalism in General Relativity: Bases of Numerical Relativity},
}

@BOOK{griffies2004,
  AUTHOR = {Griffies, Stephen M.},
  LOCATION = {Princeton},
  PUBLISHER = {Princeton University Press},
  DATE = {2004},
  TITLE = {Fundamentals of Ocean Climate Models},
}

@BOOK{hartle2003,
  AUTHOR = {Hartle, James B.},
  LOCATION = {San Francisco},
  PUBLISHER = {Addison-Wesley},
  DATE = {2003},
  TITLE = {Gravity: An Introduction to Einstein's General Relativity},
}

@BOOK{hehletal2003,
  AUTHOR = {Hehl, Friedrich W. and Obukhov, Yuri N.},
  LOCATION = {Boston},
  PUBLISHER = {Birkh{ä}user},
  DATE = {2003},
  TITLE = {Foundations of Classical Electrodynamics: Charge, Flux, and Metric},
}

@MANUAL{iso2009,
  AUTHOR = {{\textsc{iso} (International Organization for Standardization)}},
  SHORTAUTHOR = {\textsc{iso}},
  LOCATION = {Geneva},
  ORGANIZATION = {International Organization for Standardization},
  DATE = {2009},
  TITLE = {ISO 80000-1:2009: Quantities and units 1: General},
}

@BOOK{kilmister1973,
  AUTHOR = {Kilmister, Clive William},
  LOCATION = {Oxford},
  PUBLISHER = {Pergamon},
  DATE = {1973},
  TITLE = {General Theory of Relativity},
}

@ARTICLE{kitano2013,
  AUTHOR = {Kitano, Masao},
  DATE = {2013},
  JOURNALTITLE = {J. Math.\ Phys.},
  NUMBER = {5},
  PAGES = {052901},
  TITLE = {Mathematical structure of unit systems},
  VOLUME = {54},
}

@BOOK{landauetal1939_t1996,
  AUTHOR = {Landau, Lev Davidovi{č} and Lifshitz, {[Lif{š}ic]}, Evgenij Mihajlovi{č}},
  LOCATION = {Oxford},
  PUBLISHER = {Butterworth-Heinemann},
  DATE = {1996},
  EDITION = {corr.\ repr.\ of the 4th English ed.},
  NOTE = {Transl.\ from the 1987 seventh Russian edition by Morton Hamermesh. First publ.\ 1939},
  ORIGDATE = {1939},
  TITLE = {The Classical Theory of Fields},
}

@ARTICLE{marietal2012,
  AUTHOR = {Mari, Luca and Giordani, Alessandro},
  DATE = {2012},
  JOURNALTITLE = {Metrologia},
  NUMBER = {6},
  PAGES = {756--764},
  TITLE = {Quantity and quantity value},
  VOLUME = {49},
}

@BOOK{marsdenetal1994,
  AUTHOR = {Marsden, Jerrold E. and Hughes, Thomas J. R.},
  LOCATION = {New York},
  PUBLISHER = {Dover},
  DATE = {1994},
  EDITION = {unabridged corr.\ republ.},
  NOTE = {\url{http://resolver.caltech.edu/CaltechBOOK:1983.002}. First publ.\ 1983},
  ORIGDATE = {1983},
  TITLE = {Mathematical Foundations of Elasticity},
}

@BOOK{martin1991_r2004,
  AUTHOR = {Martin, Daniel},
  LOCATION = {Chichester},
  PUBLISHER = {Horwood},
  DATE = {2004},
  EDITION = {corr.\ repr.},
  NOTE = {First publ.\ 1991},
  ORIGDATE = {1991},
  TITLE = {Manifold Theory: Introduction for Mathematical Physicists},
}

@ARTICLE{maugin1974b,
  AUTHOR = {Maugin, G{é}rard A.},
  DATE = {1974},
  JOURNALTITLE = {J. Phys.\ A},
  NUMBER = {4},
  PAGES = {465--484},
  TITLE = {Constitutive equations for heat conduction in general relativity},
  VOLUME = {7},
}

@ARTICLE{maugin1978b,
  AUTHOR = {Maugin, G{é}rard A.},
  DATE = {1978},
  JOURNALTITLE = {J. Math.\ Phys.},
  NUMBER = {5},
  PAGES = {1198--1205},
  TITLE = {On the covariant equations of the relativistic electrodynamics of continua. {I}. {General} equations},
  VOLUME = {19},
}

@ARTICLE{maugin1978c,
  AUTHOR = {Maugin, G{é}rard A.},
  DATE = {1978},
  JOURNALTITLE = {J. Math.\ Phys.},
  NUMBER = {5},
  PAGES = {1206--1211},
  TITLE = {On the covariant equations of the relativistic electrodynamics of continua. {II}. {Fluids}},
  VOLUME = {19},
}

@ARTICLE{maugin1978d,
  AUTHOR = {Maugin, G{é}rard A.},
  DATE = {1978},
  JOURNALTITLE = {J. Math.\ Phys.},
  NUMBER = {5},
  PAGES = {1212--1219},
  TITLE = {On the covariant equations of the relativistic electrodynamics of continua. {III}. {Elastic} solids},
  VOLUME = {19},
}

@ARTICLE{maugin1978e,
  AUTHOR = {Maugin, G{é}rard A.},
  DATE = {1978},
  JOURNALTITLE = {J. Math.\ Phys.},
  NUMBER = {5},
  PAGES = {1220--1226},
  TITLE = {On the covariant equations of the relativistic electrodynamics of continua. {IV}. {Media} with spin},
  VOLUME = {19},
}

@BOOK{misneretal1970_r1973,
  AUTHOR = {Misner, Charles W. and Thorne, Kip S. and Wheeler, John Archibald},
  LOCATION = {New York},
  PUBLISHER = {W. H. Freeman and Company},
  DATE = {1973},
  EDITION = {repr.},
  NOTE = {First publ.\ 1970. \url{https://archive.org/details/Gravitation_201803}},
  ORIGDATE = {1970},
  TITLE = {Gravitation},
}

@ARTICLE{muschiketal2014,
  AUTHOR = {Muschik, Wolfgang and von Borzeszkowski, Horst-Heino},
  DATE = {2014},
  JOURNALTITLE = {Arch.\ Appl.\ Mech.},
  NUMBER = {9},
  PAGES = {1517--1531},
  TITLE = {Exploitation of the dissipation inequality in general relativistic continuum thermodynamics},
  VOLUME = {84},
}

@BOOK{penroseetal1984_r2003,
  AUTHOR = {Penrose, Roger and Rindler, Wolfgang},
  LOCATION = {Cambridge},
  PUBLISHER = {Cambridge University Press},
  DATE = {2003},
  EDITION = {corr.\ repr.},
  NOTE = {First publ.\ 1984},
  ORIGDATE = {1984},
  TITLE = {Spinors and Space-Time. Vol.~1: Two-spinor calculus and relativistic fields},
}

@BOOK{rindler1969_r1986,
  AUTHOR = {Rindler, Wolfgang},
  LOCATION = {New York},
  PUBLISHER = {Springer},
  DATE = {1986},
  EDITION = {rev.\ 2nd ed.},
  NOTE = {First publ.\ 1969},
  ORIGDATE = {1969},
  TITLE = {Essential Relativity: Special, General, and Cosmological},
}

@BOOK{rindler2001_r2006,
  AUTHOR = {Rindler, Wolfgang},
  LOCATION = {Oxford},
  PUBLISHER = {Oxford University Press},
  DATE = {2006},
  EDITION = {2},
  NOTE = {First publ.\ 2001},
  ORIGDATE = {2001},
  TITLE = {Relativity: Special, General, and Cosmological},
}

@ARTICLE{roehretal2005,
  AUTHOR = {R{ö}hr, Niklas and Uggla, Claes},
  DATE = {2005},
  JOURNALTITLE = {Class.\ Quantum Grav.},
  NUMBER = {17},
  PAGES = {3775--3787},
  TITLE = {Conformal regularization of {Einstein's} field equations},
  VOLUME = {22},
}

@BOOK{schouten1924_r1954,
  AUTHOR = {Schouten, Jan Arnoldus},
  LOCATION = {Berlin},
  PUBLISHER = {Springer},
  DATE = {1954},
  EDITION = {2},
  NOTE = {First publ.\ in German 1924},
  ORIGDATE = {1924},
  TITLE = {Ricci-Calculus: An Introduction to Tensor Analysis and Its Geometrical Applications},
}

@BOOK{schouten1951_r1989,
  AUTHOR = {Schouten, Jan Arnoldus},
  LOCATION = {New York},
  PUBLISHER = {Dover},
  DATE = {1989},
  EDITION = {corr.\ 2nd ed.},
  NOTE = {First publ.\ 1951},
  ORIGDATE = {1951},
  TITLE = {Tensor Analysis for Physicists},
}

@ARTICLE{segev1986,
  AUTHOR = {Segev, Reuven},
  DATE = {1986},
  JOURNALTITLE = {J. Math.\ Phys.},
  NOTE = {\url{http://www.bgu.ac.il/~rsegev/Papers/JMP86S.pdf}},
  NUMBER = {1},
  PAGES = {163--170},
  TITLE = {Forces and the existence of stresses in invariant continuum mechanics},
  VOLUME = {27},
}

@ARTICLE{segev2000,
  AUTHOR = {Segev, Reuven},
  DATE = {2000},
  JOURNALTITLE = {Arch.\ Rational Mech.\ Anal.},
  NOTE = {\url{http://www.bgu.ac.il/~rsegev/Papers/TheGeometryofCauchyFluxes.pdf}},
  NUMBER = {3},
  PAGES = {183--198},
  TITLE = {The Geometry of {Cauchy's} Fluxes},
  VOLUME = {154},
}

@ARTICLE{segev2000b,
  AUTHOR = {Segev, Reuven},
  DATE = {2000},
  JOURNALTITLE = {Rend.\ Sem.\ Mat.\ Univ.\ Pol.\ Torino},
  NUMBER = {2},
  PAGES = {199--206},
  TITLE = {Notes on stresses for manifolds},
  VOLUME = {58},
}

@ARTICLE{segev2001,
  AUTHOR = {Segev, Reuven},
  DATE = {2001},
  JOURNALTITLE = {J. Elasticity},
  NOTE = {Ssee \citebi{segevetal1999}},
  NUMBER = {1},
  PAGES = {55--59},
  TITLE = {A Correction of an Inconsistency in my Paper ``{Cauchy's} Theorem on Manifolds''},
  VOLUME = {63},
}

@ARTICLE{segev2002,
  AUTHOR = {Segev, Reuven},
  DATE = {2002},
  JOURNALTITLE = {J. Math.\ Phys.},
  NOTE = {\url{http://www.bgu.ac.il/~rsegev/Papers/MetricIndependent.pdf}},
  NUMBER = {6},
  PAGES = {3220--3231},
  TITLE = {Metric-independent analysis of the stress-energy tensor},
  VOLUME = {43},
}

@ARTICLE{segevetal1999,
  AUTHOR = {Segev, Reuven and Rodnay, Guy},
  DATE = {1999},
  JOURNALTITLE = {J. Elasticity},
  NOTE = {\url{http://www.bgu.ac.il/~rsegev/Papers/CauchyTheoremonManifolds.pdf}. See also erratum \citebi{segev2001}},
  NUMBER = {2},
  PAGES = {129--144},
  TITLE = {Cauchy's Theorem on Manifolds},
  VOLUME = {56},
}

@INCOLLECTION{smarretal1980,
  AUTHOR = {Smarr, Larry and Taubes, Clifford and Wilson, James R.},
  BOOKTITLE = {\citein{tipler1980}},
  CHAPTER = {\chapb~11},
  DATE = {1980},
  PAGES = {157--183},
  TITLE = {General Relativistic Hydrodynamics: The Comoving, {Eulerian}, and Velocity Potential Formalisms},
}

@ARTICLE{smarretal1978,
  AUTHOR = {Smarr, Larry and York, Jr., James W.},
  DATE = {1978},
  JOURNALTITLE = {Phys.\ Rev.\ D},
  NUMBER = {10},
  PAGES = {2529--2551},
  TITLE = {Kinematical conditions in the construction of spacetime},
  VOLUME = {17},
}

@BOOK{smarr1979,
  EDITOR = {Smarr, Larry L.},
  LOCATION = {Cambridge},
  PUBLISHER = {Cambridge University Press},
  DATE = {1979},
  TITLE = {Sources of Gravitational Radiation\subtitleproc{: Proceedings of the Battelle Seattle Workshop, July 24 -- August 4, 1978}},
}

@INCOLLECTION{synge1960,
  AUTHOR = {Synge, John L.},
  BOOKTITLE = {\citein{fluegge1960}},
  DATE = {1960},
  PAGES = {I--VII,1--225,859--902},
  TITLE = {{Classical Dynamics}},
}

@BOOK{synge1960b,
  AUTHOR = {Synge, John L.},
  LOCATION = {Amsterdam},
  PUBLISHER = {North-Holland},
  DATE = {1960},
  TITLE = {Relativity: The General Theory},
}

@BOOK{tipler1980,
  EDITOR = {Tipler, Frank J.},
  LOCATION = {New York},
  PUBLISHER = {Academic Press},
  DATE = {1980},
  TITLE = {Essays in General Relativity: A Festschrift for Abraham Taub},
}

@BOOK{tolman1934_t1949,
  AUTHOR = {Tolman, Richard C.},
  PUBLISHER = {Oxford University Press},
  DATE = {1949},
  NOTE = {First publ.\ 1934},
  ORIGDATE = {1934},
  TITLE = {Relativity, Thermodynamics and Cosmology},
}

@BOOK{truesdell1977_r1991,
  AUTHOR = {Truesdell, III, Clifford Ambrose},
  LOCATION = {New York},
  PUBLISHER = {Academic Press},
  DATE = {1991},
  EDITION = {2},
  NOTE = {First publ.\ 1977},
  ORIGDATE = {1977},
  TITLE = {A First Course in Rational Continuum Mechanics. Vol.~1: General Concepts},
}

@INCOLLECTION{truesdelletal1960,
  AUTHOR = {Truesdell, III, Clifford Ambrose and Toupin, Richard A.},
  BOOKTITLE = {\citein{fluegge1960}},
  DATE = {1960},
  NOTE = {With an appendix on invariants by Jerald LaVerne Ericksen},
  PAGES = {I--VII,226--902},
  TITLE = {{The Classical Field Theories}},
}

@BOOK{vallis2006,
  AUTHOR = {Vallis, Geoffrey K.},
  LOCATION = {Cambridge},
  PUBLISHER = {Cambridge University Press},
  DATE = {2006},
  TITLE = {Atmospheric and Oceanic Fluid Dynamics: Fundamentals and Large-scale Circulation},
}

@BOOK{wilsonetal2003_r2007,
  AUTHOR = {Wilson, James Ricker and Mathews, Grant J.},
  LOCATION = {Cambridge},
  PUBLISHER = {Cambridge University Press},
  DATE = {2007},
  EDITION = {repr.},
  NOTE = {First publ.\ 2003},
  ORIGDATE = {2003},
  TITLE = {Relativistic Numerical Hydrodynamics},
}

@INCOLLECTION{york1979,
  AUTHOR = {York, Jr., James W.},
  BOOKTITLE = {\citein{smarr1979}},
  DATE = {1979},
  PAGES = {83--126},
  TITLE = {Kinematics and dynamics of general relativity},
}

